<record><leader>02528nam a2200589 i 4500</leader><controlfield tag="001">6808392</controlfield><controlfield tag="003">CaONFJC</controlfield><controlfield tag="005">20150220062946.0</controlfield><controlfield tag="006">m        d        </controlfield><controlfield tag="007">cr||n|||||||||</controlfield><controlfield tag="008">150216s2015    enk     ob    001 0 eng d</controlfield><datafield ind1=" " ind2=" " tag="020"><subfield code="a">9781134581092</subfield><subfield code="q">electronic bk.</subfield></datafield><datafield ind1=" " ind2=" " tag="020"><subfield code="a">1134581092</subfield><subfield code="q">electronic bk.</subfield></datafield><datafield ind1=" " ind2=" " tag="020"><subfield code="a">9780415706803</subfield></datafield><datafield ind1=" " ind2=" " tag="020"><subfield code="a">9781322983936 (MyiLibrary)</subfield></datafield><datafield ind1=" " ind2=" " tag="035"><subfield code="a">ocn903488808</subfield></datafield><datafield ind1=" " ind2=" " tag="037"><subfield code="a">729675</subfield><subfield code="b">MIL</subfield></datafield><datafield ind1=" " ind2=" " tag="039"><subfield code="a">exclude</subfield></datafield><datafield ind1=" " ind2=" " tag="040"><subfield code="a">CaONFJC</subfield><subfield code="c">CaONFJC</subfield><subfield code="e">rda</subfield><subfield code="d">AEU</subfield></datafield><datafield ind1=" " ind2=" " tag="043"><subfield code="a">a-cb---</subfield></datafield><datafield ind1=" " ind2="4" tag="050"><subfield code="a">S934.C28</subfield></datafield><datafield ind1=" " ind2="7" tag="072"><subfield code="a">BUS</subfield><subfield code="x">032000</subfield><subfield code="2">bisacsh</subfield></datafield><datafield ind1=" " ind2="7" tag="072"><subfield code="a">SOC</subfield><subfield code="x">000000</subfield><subfield code="2">bisacsh</subfield></datafield><datafield ind1="0" ind2="4" tag="082"><subfield code="a">363.7009596</subfield><subfield code="2">23</subfield></datafield><datafield ind1=" " ind2=" " tag="090"><subfield code="a">Internet Access</subfield><subfield code="b">AEU</subfield></datafield><datafield ind1=" " ind2=" " tag="090"><subfield code="a">Internet Access</subfield><subfield code="b">AEGMCT</subfield></datafield><datafield ind1="0" ind2="0" tag="245"><subfield code="a">Conservation and development in Cambodia</subfield><subfield code="h">[electronic resource] :</subfield><subfield code="b">exploring frontiers of change in nature, state and society /</subfield><subfield code="c">edited by Sarah Milne and Sango Mahanty.</subfield></datafield><datafield ind1=" " ind2="1" tag="264"><subfield code="a">Abingdon, Oxon ;</subfield><subfield code="a">New York, NY :</subfield><subfield code="b">Routledge,</subfield><subfield code="c">2015.</subfield></datafield><datafield ind1=" " ind2=" " tag="300"><subfield code="a">1 online resource.</subfield></datafield><datafield ind1=" " ind2=" " tag="336"><subfield code="a">text</subfield><subfield code="b">txt</subfield><subfield code="2">rdacontent</subfield></datafield><datafield ind1=" " ind2=" " tag="337"><subfield code="a">computer</subfield><subfield code="b">c</subfield><subfield code="2">rdamedia</subfield></datafield><datafield ind1=" " ind2=" " tag="338"><subfield code="a">online resource</subfield><subfield code="b">cr</subfield><subfield code="2">rdacarrier</subfield></datafield><datafield ind1="1" ind2=" " tag="490"><subfield code="a">Earthscan conservation and development</subfield></datafield><datafield ind1=" " ind2=" " tag="504"><subfield code="a">Includes bibliographical references and index.</subfield></datafield><datafield ind1=" " ind2=" " tag="506"><subfield code="a">Access restricted to authorized users and institutions.</subfield></datafield><datafield ind1=" " ind2=" " tag="588"><subfield code="a">Description based on print version record.</subfield></datafield><datafield ind1=" " ind2=" " tag="596"><subfield code="a">44 57</subfield></datafield><datafield ind1=" " ind2="0" tag="650"><subfield code="a">Conservation of natural resources</subfield><subfield code="z">Cambodia.</subfield></datafield><datafield ind1=" " ind2="0" tag="650"><subfield code="a">Environmental degradation</subfield><subfield code="z">Cambodia.</subfield></datafield><datafield ind1=" " ind2="0" tag="650"><subfield code="a">Economic development</subfield><subfield code="x">Social aspects</subfield><subfield code="z">Cambodia.</subfield></datafield><datafield ind1=" " ind2="0" tag="650"><subfield code="a">Economic development</subfield><subfield code="x">Environmental aspects</subfield><subfield code="z">Cambodia.</subfield></datafield><datafield ind1=" " ind2="0" tag="650"><subfield code="a">Sustainable development</subfield><subfield code="z">Cambodia.</subfield></datafield><datafield ind1=" " ind2="0" tag="650"><subfield code="a">Ecosystem management</subfield><subfield code="z">Cambodia.</subfield></datafield><datafield ind1="1" ind2=" " tag="700"><subfield code="a">Milne, Sarah</subfield><subfield code="q">(Sarah Alison),</subfield><subfield code="e">editor of compilation.</subfield></datafield><datafield ind1="1" ind2=" " tag="700"><subfield code="a">Mahanty, Sango,</subfield><subfield code="e">editor of compilation.</subfield></datafield><datafield ind1=" " ind2="0" tag="830"><subfield code="a">Earthscan conservation and development series.</subfield></datafield><datafield ind1="4" ind2="0" tag="856"><subfield code="3">University of Alberta Access</subfield><subfield code="u">http://lib.myilibrary.com/detail.asp?ID=729675</subfield><subfield code="x">Perpetual</subfield><subfield code="z">(Single User Access)</subfield><subfield code="z">from MyiLibrary</subfield></datafield><datafield ind1="4" ind2="0" tag="856"><subfield code="3">MacEwan University Access</subfield><subfield code="u">http://lib.myilibrary.com/detail.asp?ID=729675</subfield><subfield code="z">(Single User Access)</subfield><subfield code="z">from MyiLibrary</subfield></datafield><datafield ind1=" " ind2=" " tag="949"><subfield code="w">ORDER</subfield><subfield code="h">UAIN</subfield><subfield code="z">PDACOUTTS</subfield></datafield><datafield ind1=" " ind2=" " tag="919"><subfield code="a">cis30982579</subfield></datafield><datafield ind1=" " ind2=" " tag="926"><subfield code="a">Internet Access</subfield><subfield code="w">LC</subfield><subfield code="c">1</subfield><subfield code="i">6808392-1001</subfield><subfield code="l">INTERNET</subfield><subfield code="m">UAINTERNET</subfield><subfield code="r">Y</subfield><subfield code="s">Y</subfield><subfield code="t">E-RESOURCE</subfield><subfield code="u">2/20/2015</subfield><subfield code="x">E-BOOK</subfield><subfield code="z">PDAOWNED</subfield></datafield><datafield ind1=" " ind2=" " tag="926"><subfield code="a">Internet Access</subfield><subfield code="w">LC</subfield><subfield code="c">1</subfield><subfield code="i">6808392-2001</subfield><subfield code="l">INTERNET</subfield><subfield code="m">GR_MAC_INT</subfield><subfield code="r">Y</subfield><subfield code="s">Y</subfield><subfield code="t">E-RESOURCE</subfield><subfield code="u">2/24/2015</subfield><subfield code="x">E-BOOK</subfield><subfield code="z">MILGMPSA</subfield></datafield></record>